@book{bookA,
author = {Jurafsky, Daniel and Martin, James},
year = {2019},
month = {10},
pages = {},
title = {Speech and Language Processing, 3rd edition draft, appendix chapter A}
}


@book{PriorSampling,
  author        = {Heriberto Cuayahuitl},
  title         = {PriorSampling.py},
  month         = {October},
  year          = {2019},
  publisher={University of Lincoln}
}


@inbook{Workshop3,
  author        = {Heriberto Cuayahuitl},
  title         = {Workshop 3},
  month         = {October},
  year          = {2019},
  publisher={University of Lincoln},
  pages = {4}
}

@inbook{Lec7,
  author        = {Nicola Bellotto},
  title         = {Lecture 7: Hidden Markov Model 2},
  month         = {October},
  year          = {2019},
  publisher={University of Lincoln},
  pages = {10}
}


@inbook{Lec7.2,
  author        = {Nicola Bellotto},
  title         = {Lecture 7: Hidden Markov Model 2},
  month         = {October},
  year          = {2019},
  publisher={University of Lincoln},
  pages = {6-8}
}